@article{CloSpan,
author = {Yan, X. and Yan, X. and Han, J. and Han, J. and Afshar, R. and Afshar, R.},
doi = {10.1.1.12.3538},
isbn = {0898715458},
journal = {Proc. of SIAM Int. Conf. on Data Mining},
pages = {166--177},
title = {CloSpan: Mining closed sequential patterns in large datasets},
year = {2003}
}